<record><leader>00000cas a2200000 a 4500</leader><controlfield tag="001">43068878</controlfield><controlfield tag="008">991221d19691991fluwr ne      0    0eng c</controlfield><datafield ind1=" " ind2=" " tag="010"><subfield code="a">sn 99027051 </subfield></datafield><datafield ind1=" " ind2=" " tag="040"><subfield code="a">FUG</subfield><subfield code="b">eng</subfield><subfield code="c">FUG</subfield><subfield code="d">OCLCQ</subfield><subfield code="d">OCLCF</subfield><subfield code="d">OCLCO</subfield></datafield><datafield ind1=" " ind2=" " tag="042"><subfield code="a">pcc</subfield></datafield><datafield ind1=" " ind2=" " tag="043"><subfield code="a">n-us-fl</subfield></datafield><datafield ind1="0" ind2="4" tag="245"><subfield code="a">The Escambia County beacon.</subfield></datafield><datafield ind1="3" ind2="0" tag="246"><subfield code="a">Beacon</subfield></datafield><datafield ind1=" " ind2=" " tag="260"><subfield code="a">Pensacola, Fla. :</subfield><subfield code="b">G.C. Pfeiffer,</subfield><subfield code="c">1969-1991.</subfield></datafield><datafield ind1=" " ind2=" " tag="300"><subfield code="a">21 v. :</subfield><subfield code="b">ill. ;</subfield><subfield code="c">36-58 cm.</subfield></datafield><datafield ind1=" " ind2=" " tag="310"><subfield code="a">Weekly</subfield></datafield><datafield ind1="0" ind2=" " tag="362"><subfield code="a">Vol. 1, no. 1 (Aug. 28, 1969)-v. 21, no. 36 (June 7, 1991).</subfield></datafield><datafield ind1=" " ind2="0" tag="651"><subfield code="a">Pensacola (Fla.)</subfield><subfield code="v">Newspapers.</subfield></datafield><datafield ind1=" " ind2="0" tag="651"><subfield code="a">Escambia County (Fla.)</subfield><subfield code="v">Newspapers.</subfield></datafield><datafield ind1=" " ind2="7" tag="655"><subfield code="a">Newspapers.</subfield><subfield code="2">fast</subfield><subfield code="0">(OCoLC)fst01423814</subfield></datafield><datafield ind1=" " ind2="7" tag="651"><subfield code="a">Florida</subfield><subfield code="z">Escambia County.</subfield><subfield code="2">fast</subfield><subfield code="0">(OCoLC)fst01215180</subfield></datafield><datafield ind1=" " ind2="7" tag="651"><subfield code="a">Florida</subfield><subfield code="z">Pensacola.</subfield><subfield code="2">fast</subfield><subfield code="0">(OCoLC)fst01206144</subfield></datafield><datafield ind1="1" ind2=" " tag="700"><subfield code="a">Pfeiffer, G. C.</subfield></datafield><datafield ind1=" " ind2=" " tag="752"><subfield code="a">United States</subfield><subfield code="b">Florida</subfield><subfield code="c">Escambia</subfield><subfield code="d">Pensacola.</subfield></datafield></record>